@article{BarkalovStrongin2018,
 author = {Barkalov, Konstantin and Strongin, Roman},
 title = {Solving a Set of Global Optimization Problems by the Parallel Technique with Uniform Convergence},
 journal = {J. of Global Optimization},
 issue_date = {May 2018},
 volume = {71},
 number = {1},
 month = may,
 year = {2018},
 issn = {0925-5001},
 pages = {21--36},
 numpages = {16},
 doi = {10.1007/s10898-017-0555-4},
 acmid = {3211611},
 publisher = {Kluwer Academic Publishers},
 address = {Norwell, MA, USA},
 keywords = {Global optimization, Parallel computing, Peano-type space filling curves, Uniform convergence},
}

@InProceedings{BarkalovLebedev2017,
author="Barkalov, Konstantin
and Lebedev, Ilya",
title="Comparing Two Approaches for Solving Constrained Global Optimization Problems",
booktitle="Learning and Intelligent Optimization",
year="2017",
publisher="Springer International Publishing",
address="Cham",
pages="301--306",
abstract="In the present study, a method for solving the multiextremal problems with non-convex constrains without the use of the penalty or barrier functions is considered. This index method is featured by a separate accounting for each constraint. The check of the constraint fulfillment sequentially performed in every iteration point is terminated upon the first constraint violation occurs. The results of numerical comparing of the index method with the penalty function one are presented. The comparing has been carried out by means of the numerical solving of several hundred multidimensional multiextremal problems with non-convex constrains generated randomly.",
isbn="978-3-319-69404-7",
doi= {10.1007/978-3-319-69404-7_22}
}

@inproceedings{GergelBarkalov2019,
author = {Gergel, Victor and Barkalov, Konstantin and Lebedev, Ilya and Rachinskaya, Maria and Sysoyev, Alexander},
year = {2019},
month = {02},
pages = {020009},
title = {A flexible generator of constrained global optimization test problems},
volume = {2070},
journal = {AIP Conference Proceedings},
doi = {10.1063/1.5089976}
}

@book{SergeyevKvasov2017,
author = {Sergeyev, Yaroslav and Kvasov, Dmitri},
year = {2017},
month = {01},
pages = {},
title = {Deterministic Global Optimization},
doi = {10.1007/978-1-4939-7199-2}
}

@article{
  globalizerSystem,
  author    = "{Gergel V.P., Barkalov K.A., and Sysoyev A.V.}",
  title     = {A novel supercomputer software system for solving time-consuming global optimization problems},
  journal   = {Numerical Algebra, Control \& Optimization},
  volume    = 8,
  number    = 1,
  year      = 2018,
  pages     = {47--62},
  doi = "10.3934/naco.2018003"
}

@phdthesis
{
  Schlueter2012,
  author="{Schlueter, Martin}",
  title={Nonlinear mixed integer based Optimization Technique for Space Applications},
  school={The University of Birmingham},
  year=2012
}

@article{
  Gaviano2003,
  author    = "{Gaviano, M., Kvasov, D.E., Lera, D., Sergeev, Ya.D.}",
  title     = {Software for generation of classes of test functions with known local and global minima for global optimization},
  journal   = {ACM Transactions on Mathematical Software},
  volume    = 29,
  number    = 4,
  year      = 2003,
  pages     = {469--480},
  doi = "10.1145/962437.962444"
}

@inproceedings{
  grishaginClass,
  author    = "{Гришагин В.А.}",
  title     = "{Операционные характеристики некоторых алгоритмов глобального поиска}",
  booktitle   = {Проблемы статистической оптимизации},
  year      = {1978},
  publisher = {Зинатне},
  address   = {Рига}
}

@article{BinhKorn1999,
author = {To, Thanh Binh and Korn, Binh},
year = {1999},
month = {03},
pages = {},
title = {MOBES: A Multiobjective Evolution Strategy for Constrained Optimization Problems}
}


@InProceedings{BarkalovLebedev2017_2,
author="Barkalov, Konstantin and Lebedev, Ilya",
title="Parallel Algorithm for Solving Constrained Global Optimization Problems",
booktitle="Parallel Computing Technologies",
year="2017",
publisher="Springer International Publishing",
address="Cham",
pages="396--404",
isbn="978-3-319-62932-2",
doi = {10.1007/978-3-319-62932-2_38}
}


@INPROCEEDINGS{RiquelmeLucken2015,
author={N. {Riquelme} and C. {Von Lucken} and B. {Baran}},
booktitle={2015 Latin American Computing Conference (CLEI)},
title={Performance metrics in multi-objective optimization},
year={2015},
volume={},
number={},
pages={1-11},
keywords={optimisation;inverted generational distance;epsilon indicator;hypervolume;multiobjective-optimization metrics;performance metrics;Measurement;Approximation methods;Pareto optimization;Linear programming;Convergence;Electronic mail},
doi={10.1109/CLEI.2015.7360024},
ISSN={null},
month={Oct},}

@article
{
  Storn1997,
  author="Storn, Rainer and Price, Kenneth",
  title="Differential Evolution -- A Simple and Efficient Heuristic for global Optimization over Continuous Spaces",
  journal="Journal of Global Optimization",
  year="1997",
  month="Dec",
  volume="11",
  number="4",
  pages="341--359",
  issn="1573-2916",
  doi="10.1023/A:1008202821328"
}

@article{ SCHLUTER2009,
  title = "Extended ant colony optimization for non-convex mixed integer nonlinear programming",
  journal = "Computers \& Operations Research",
  volume = "36",
  number = "7",
  pages = "2217 - 2229",
  year = "2009",
  issn = "0305-0548",
  author = "Martin Schluter and Jose A. Egea and Julio R. Banga",
  doi="10.1016/j.cor.2008.08.015"
}


@book{  Hermeyer1971,
  author    = "{Гермейер Ю.Б.}",
  title     = {Введение в теорию исследования операций},
  publisher = {Издательство «Наука»},
  address   = {Москва},
  year      = 1971,
}


@book
{
  Strongin2000,
  author    = "{Strongin R.G., Sergeyev Ya.D.}",
  title     = {Global optimization with non-convex constraints. Sequential and parallel algorithms},
  publisher = {Kluwer Academic Publishers},
  address   = {Dordrecht},
  year      = 2000,
  doi="10.1007/978-1-4615-4677-1"
}

@article{Evtushenko2013,
  author    = {Evtushenko, Y. and Posypkin, M.},
  title     = {A deterministic approach to global box-constrained optimization},
  journal   = {Optim. Lett},
  volume    = 7,
  year      = 2013,
  pages     = {819--829},
  doi       = "10.1007/s11590-012-0452-1",
}

@article{Norkin1992,
  author    = "{Норкин В. И.}",
  title     = {О методе Пиявского для решения общей задачи глобальной оптимизации},
  journal   = {Ж. вычисл. матем. и матем. физ},
  volume    = 32,
  issue     = 7,
  year      = 1992,
  pages     = {992--1006},
}

@book{Ehrgott2005,
 author = {Ehrgott, Matthias},
 title = {Multicriteria Optimization},
 year = {2005},
 isbn = {3540213988},
 publisher = {Springer-Verlag},
 address = {Berlin, Heidelberg},
 doi = {10.1007/3-540-27659-9}
}

@InProceedings
{
  Jones2009,
  author    = "{Jones, D.R.}",
  title     = {The direct global optimization algorithm},
  booktitle = {The Encyclopedia of Optimization},
  pages     = {725--735},
  year      = {2009},
  publisher = {Springer, Heidelberg},
  doi = "10.1007/978-0-387-74759-0_128"
}

@article
{
  Paulavicius2011,
  author="{Paulavivcius, R., Zilinskas, J., Grothey, A.}",
  title="Parallel branch and bound for global optimization with combination of Lipschitz bounds",
  journal="Optim. Method. Softw.",
  year="1997",
  volume="26",
  number="3",
  pages="487--498",
  doi="10.1080/10556788.2010.551537"
}

@INPROCEEDINGS{KennedyEberhart1995,
  author={J. Kennedy and R. Eberhart},
  booktitle={Proceedings of ICNN'95 - International Conference on Neural Networks},
  title={Particle swarm optimization},
  year={1995},
  volume={4},
  number={},
  pages={1942-1948 vol.4},
  month={Nov},
  doi = "10.1109/ICNN.1995.488968"
}
@Article{Beiranvand2017,
author="Beiranvand, Vahid and Hare, Warren and Lucet, Yves",
title="Best practices for comparing optimization algorithms",
journal="Optimization and Engineering",
year="2017",
month="Dec",
volume="18",
number="4",
pages="815--848",
doi="10.1007/s11081-017-9366-1",
}
@article{JSSv060i06,
   author = {Katharine Mullen},
   title = {Continuous Global Optimization in R},
   journal = {Journal of Statistical Software, Articles},
   volume = {60},
   number = {6},
   year = {2014},
   pages = {1--45},
   doi="10.18637/jss.v060.i06"
}
@Article{Ali2005,
author="Ali, M. Montaz and Khompatraporn, Charoenchai and Zabinsky, Zelda B.",
title="A Numerical Evaluation of Several Stochastic Algorithms on Selected Continuous Global Optimization Test Problems",
journal="Journal of Global Optimization",
year="2005",
month="Apr",
day="01",
volume="31",
number="4",
pages="635--672",
doi="10.1007/s10898-004-9972-2"
}

@article{posik2012,
author = {Pošík, Petr and Huyer, Waltraud and Pál, László},
title = {A Comparison of Global Search Algorithms for Continuous Black Box Optimization},
journal = {Evolutionary Computation},
volume = {20},
number = {4},
pages = {509-541},
year = {2012},
doi="10.1162/EVCO_a_00084"
}

@article{Kvasov2018,
title = "Metaheuristic vs. deterministic global optimization algorithms: The univariate case",
journal = "Appl. Math. Comput.",
volume = "318",
pages = "245 - 259",
year = "2018",
author = "Dmitri E. Kvasov and Marat S. Mukhametzhanov",
doi="10.1016/j.amc.2017.05.014"
}

@article{Liberti2005,
title = "Comparison of deterministic and stochastic approaches to global optimization",
journal = "International Transactions in Operational Research",
volume = "12",
pages = "263 - 285",
year = "2005",
author = "Liberti, Leo and Kucherenko, Sergei",
doi="10.1111/j.1475-3995.2005.00503.x"
}

@book
{
  Sergeyev2013,
  author    = "{Sergeyev, Y.D., Strongin, R.G., Lera, D.}",
  title     = {Introduction to global optimization exploiting space-filling curves},
  publisher = {Springer Briefs in Optimization},
  address   = {Springer, New York},
  year      = 2013,
  doi="10.1007/978-1-4614-8042-6"
}

@article
{
  Gergel2009,
  author    = "{Strongin, R.G., Gergel, V.P., Barkalov, K.A.}",
  title     = {Parallel methods for global optimization problem solving},
  journal   = {Journal of instrument engineering},
  volume    = 52,
  year      = "2009 (In Russian)",
  pages     = {25--33}
}

@book
{
  strongin1978,
  author    = {Strongin, R.G.},
  title     = {Numerical Methods in Multiextremal Problems (Information-StatisticalAlgorithms)},
  publisher = {Moscow: Nauka (In Russian)},
  year      = 1978
}

@Article{Price1983,
author="Price, W. L.",
title="Global optimization by controlled random search",
journal="Journal of Optimization Theory and Applications",
year="1983",
month="Jul",
day="01",
volume="40",
number="3",
pages="333--348",
doi="10.1007/BF00933504"
}

@article
{
  Gablonsky2001,
  author    = "{Gablonsky, J.M., Kelley, C.T.}",
  title     = {A locally-biased form of the DIRECT algorithm},
  journal   = {J. Glob. Optim.},
  volume    = 21,
  number    = 1,
  year      = 2001,
  pages     = {27--37},
  doi = "10.1023/A:1017930332101"
}

@Article{Madsen1998,
author="Madsen, Kaj and Zertchaninov, Serguei",
title="A New Branch-and-Bound Method for Global Optimization",
year="1998",
}

@article{Kan1987StochasticGO,
  title={Stochastic global optimization methods part II: Multi level methods},
  author={Alexander H. G. Rinnooy Kan and G. T. Timmer},
  journal={Math. Program.},
  year={1987},
  volume={39},
  pages={57-78},
  doi="10.1007/BF02592071",
}

@article{XIANG1997216,
title = "Generalized simulated annealing algorithm and its application to the Thomson model",
journal = "Physics Letters A",
volume = "233",
number = "3",
pages = "216 - 220",
year = "1997",
author = "Y Xiang and D.Y Sun and W Fan and X.G Gong",
doi="10.1016/S0375-9601(97)00474-X"
}

@ARTICLE{indexMethod,
   author       = "{Markin, D.L., Strongin, R.G.}",
   title        = "A method for solving multi-extremal problems with non-convex constraints, that uses a priori information about estimates of the optimum",
   year         = "1987",
   journal      = "Comp. Math. Math. Phys.",
   volume       = "27(1)",
   pages        = "33--39",
   doi          = "10.1016/0041-5553(87)90115-7"
}

@Misc{scipy,
  author =    {Eric Jones and Travis Oliphant and Pearu Peterson and others},
  title =     {{SciPy}: Open source scientific tools for {Python}},
  year =      {2001--},
  url = "http://www.scipy.org/",
  note = {[Online; accessed <24.12.2018>]}
}

@Misc{nlopt,
  author =    {Steven G. Johnson},
  title =     {The NLopt nonlinear-optimization package},
  url = "http://ab-initio.mit.edu/nlopt",
  note = {[Online; accessed <24.12.2018>]}
}

@article{SergeyevKvasov2006,
author = {Lera, D. and Sergeyev, Y.D.},
title = {An information global minimization algorithm using the local improvement technique},
journal = {J. Glob. Optim},
volume = {48},
number = {1},
pages = {99-112},
year = {2010},
doi="10.1007/s10898-009-9508-x"
}

@article{SergeyevLera2010,
author = {Sergeyev, Y. and Kvasov, D.},
title = {Global Search Based on Efficient Diagonal Partitions and a Set of Lipschitz Constants},
journal = {SIAM Journal on Optimization},
volume = {16},
number = {3},
pages = {910-937},
year = {2006},
}

@article{Strongin2018,
author="Strongin, R. G. and Gergel, V. P. and Barkalov, K. A. and Sysoyev, A. V.",
title="Generalized Parallel Computational Schemes for Time-Consuming Global Optimization",
journal="Lobachevskii Journal of Mathematics",
year="2018",
month="May",
day="01",
volume="39",
number="4",
pages="576--586",
doi="10.1134/S1995080218040133"
}

@article{GERGEL2017,
title = "Accelerating Parallel Multicriterial Optimization Methods Based on Intensive Using of Search Information",
journal = "Procedia Computer Science",
volume = "108",
pages = "1463 - 1472",
year = "2017",
note = "International Conference on Computational Science, ICCS 2017, 12-14 June 2017, Zurich, Switzerland",
author = "V.P. Gergel and E.A. Kozinov",
doi="10.1016/j.procs.2017.05.051"
}

@Article{Gergel2018,
author="Gergel, Victor and Kozinov, Evgeny",
title="Efficient multicriterial optimization based on intensive reuse of search information",
journal="J. Glob. Optim.",
year="2018",
month="May",
day="01",
volume="71",
number="1",
pages="73-90",
doi="10.1007/s10898-018-0624-3"
}

@article{SOVRASOV2018,
title = "Comparison of dimensionality reduction schemes for derivative-free global optimization algorithms",
journal = "Procedia Computer Science",
volume = "136",
pages = "136 - 143",
year = "2018",
note = "7th International Young Scientists Conference on Computational Science, YSC2018, 02-06 July2018, Heraklion, Greece",
author = "Vladislav Sovrasov",
doi="10.1016/j.procs.2018.08.246"
}

@article{Barkalov2016,
title = "Solving multidimensional global optimization problems using graphics accelerators",
journal = "Communications in Computer and Information Science",
volume = "687",
pages = "224-235",
year = "2016",
author = "Barkalov, K. and Lebedev, I.",
}

@article{Grishagin2016,
author="Gergel, V. and Grishagin, V. and Gergel, A.",
title="Adaptive nested optimization scheme for multidimensional global search",
journal="J. Glob. Optim.",
year="2016",
volume="66",
number="1",
pages="35-51",
}

@article{Grishagin2018,
title = "Convergence conditions and numerical comparison of global optimization methods based on dimensionality reduction schemes",
journal = "Appl. Math. Comput.",
volume = "318",
pages = "270-280",
year = "2018",
author = "Grishagin, V. and Israfilov, R. and Sergeyev, Y.",
}

@article{Grishagin2016_1,
title = "Comparative efficiency of dimensionality reduction schemes in global optimization",
journal = "AIP Conference Proceedings",
volume = "1776",
pages = "060011",
year = "2016",
author = "Grishagin, V. and Israfilov, R. and Sergeyev, Y.",
}

@INPROCEEDINGS{Barkalov2014,
  author={Barkalov, K.A. and Gergel, V.P.},
  booktitle={OPT-i 2014 -- 1st International Conference on Engineering and Applied Sciences Optimization, Proceedings},
  title={Multilevel scheme of dimensionality reduction for parallel global search algorithms},
  year={2014},
  pages={2111-2124}
}

@article{Grishagin2015,
title = "Local tuning in nested scheme of global optimization",
journal = "Procedia Computer Science",
volume = "51",
number = "1",
pages = "865-874",
year = "2015",
author = "Gergel, V. and Grishagin, V. and Israfilov, R.",
}

@article{Grishagin2001,
title = "Parallel Asynchronous Global Search and the Nested Optimization Scheme",
journal = "J. Comput. Anal. Appl.",
volume = "3",
number = "2",
pages = "123-145",
year = "2001",
author = "Sergeyev, Y.D. and Grishagin, V.A."
}

@article{Sergeyev2018,
title = "On the efficiency of nature-inspired metaheuristics in expensive global optimization with limited budget",
journal = "Sci. Rep.",
volume = "8",
number = "1",
pages = "435",
year = "2018",
author = "Sergeyev, Y.D. and Kvasov, D.E. and Mukhametzhanov, M.S."
}

@book{Yang2013,
  author    = {Yang, X.-S.},
  year      = {2008},
  isbn      = {1905986106, 9781905986101},
  publisher = {Luniver Press},
  title     = {Nature-inspired metaheuristic algorithms},
  address   = {Frome},
}

@article{Zilinskas2010,
  author    = {Paulavi{\v c}ius, R. and {\v Z}ilinskas, J. and Grothey, A.},
  title     = {Investigation of selection strategies in branch and bound algorithm with simplicial partitions and combination of \uppercase{L}ipschitz bounds},
  journal   = {Optim. Lett},
  volume    = 4,
  number 	  = 2,
  year      = 2010,
  pages     = {173--183}
}


@ARTICLE{Paulavicius2016,
author			= {Paulavi{\v c}ius, R. and {\v Z}ilinskas, J.},
title				= {Advantages of simplicial partitioning for \uppercase{L}ipschitz optimization problems with linear constraints},
journal			= {Optim. Lett},
year				= {2016},
volume			= {10},
number			= {2},
pages				= {237-246}
}

@ARTICLE{Sergeyev2015,
author			= {Sergeyev, Y.D. and Kvasov, D.E.},
title				= {A deterministic global optimization using smooth diagonal auxiliary functions},
journal			= {Communications in Nonlinear Science and Numerical Simulation},
year				= {2015},
volume			= {21},
number			= {1-3},
pages				= {99-111}
}

@book{Zhigljavsky2008,
  author    = {Zhigljavsky, A.A. and {\v Z}ilinskas, A.},
  year      = {2008},
  publisher = {Springer},
  title     = {Stochastic Global Optimization},
  address   = {New York}
}

@book{Carr1964,
  author    = {Carr, C.R. and Howe, C.W.},
  year      = {1964},
  publisher = {McGraw-Hill},
  title     = {Quantitative Decision Procedures in Management and Economic: Deterministic Theory and Applications},
  address   = {New York}
}

@ARTICLE{Grishagin1994,
author			= {Sergeyev, Y.D. and Grishagin, V.A.},
title				= {Sequential and parallel algorithms for global optimization},
journal			= {Optim. Method. Softw.},
year				= {1994},
volume			= {3},
number			=	{1-3},
pages				=	{111-124},
}

@ARTICLE{Barkalov2015,
author			= {Barkalov, K. and Gergel, V. and Lebedev, I.},
title				= {Use of \uppercase{X}eon \uppercase{P}hi Coprocessor for Solving Global Optimization Problems},
journal			= {Lecture Notes in Computer Science},
year				= {2015},
volume			= {9251},
pages				=	{307-318},
}

@ARTICLE{Sergeyev2016,
author={Sergeyev, Y.D. and Mukhametzhanov, M.S. and Kvasov, D.E. and Lera, D.},
title={Derivative-Free Local Tuning and Local Improvement Techniques Embedded in the Univariate Global Optimization},
journal={Journal of Optimization Theory and Applications},
year={2016},
volume={171},
number={1},
pages={186-208}
}

@article{SZU1987157,
title = {Fast simulated annealing},
journal = {Physics Letters A},
volume = {122},
number = {3},
pages = {157-162},
year = {1987},
issn = {0375-9601},
doi = {https://doi.org/10.1016/0375-9601(87)90796-1},
url = {https://www.sciencedirect.com/science/article/pii/0375960187907961},
author = {Harold Szu and Ralph Hartley},
abstract = {Simulated annealing is a stochastic strategy for searching the ground state. A fast simulated annealing (FSA) is a semi-local search and consists of occasional long jumps. The cooling schedule of the FSA algorithm is inversely linear in time which is fast compared with the classical simulated annealing (CSA) which is strictly a local search and requires the cooling schedule to be inversely proportional to the logarithmic function of time. A general D-dimensional Cauchy probability for generating the state is given. Proofs for both FSA and CSA are sketched. A double potential well is used to numerically illustrate both schemes.}
}

@article{annealing,
author = {Kirkpatrick, Scott and Jr, D. and Vecchi, Mario},
year = {1983},
month = {01},
pages = {671-680},
title = {Optimization by Simulated Annealing},
volume = {220},
isbn = {978-9971-5-0116-7},
journal = {Science},
doi = {10.1142/9789812799371_0035}
}

@article
{
  Strongin1992,
  author    = "{R. G. Strongin}",
  title     = {Algorithms for multi-extremal mathematical programming problems employing a set of joint space-filling curves},
  journal   = {J. Glob. Optim.},
  volume    = 2,
  year      = 1992,
  pages     = {357--378}
}

@article
{
  Strongin1991,
  author    = "{R. G. Strongin}",
  title     = {Parallel multi-extremal optimization using a set of evolvents},
  journal   = {Comp. Math. Math. Phys.},
  volume    = 31,
  number    = 8,
  year      = 1991,
  pages     = {37--46}
}